<?xml version="1.0" encoding="UTF-8"?><collection xmlns="http://www.loc.gov/MARC21/slim"><record><leader>00558nam--2200193-i-4500</leader><controlfield tag="001">000022366</controlfield><controlfield tag="002">20161230</controlfield><controlfield tag="005">20161230201034</controlfield><controlfield tag="008">060222s1000------------r-----000-0-fre-d</controlfield><datafield ind1=" " ind2=" " tag="040"><subfield code="a">IFIN-HH</subfield></datafield><datafield ind1=" " ind2=" " tag="041"><subfield code="a">fre</subfield></datafield><datafield ind1=" " ind2=" " tag="080"><subfield code="a">539.171.2</subfield></datafield><datafield ind1="1" ind2=" " tag="100"><subfield code="a">Gourdin, M</subfield></datafield><datafield ind1="1" ind2="0" tag="245"><subfield code="a">Diffusion des electrons de haute energie</subfield><subfield code="b">Collection de monographies de physique</subfield><subfield code="c">M. gourdin</subfield></datafield><datafield ind1=" " ind2=" " tag="260"><subfield code="a">Paris</subfield><subfield code="b">Masson Et Cie, Editeurs</subfield><subfield code="c">1966</subfield></datafield><datafield ind1=" " ind2=" " tag="300"><subfield code="a">229P</subfield></datafield><datafield ind1=" " ind2=" " tag="490"><subfield code="a">Collection De Monographies De Physique</subfield><subfield code="v">No.3</subfield></datafield><datafield ind1=" " ind2=" " tag="852"><subfield code="a">25708</subfield><subfield code="c">539.17</subfield></datafield><datafield ind1=" " ind2=" " tag="CAT"><subfield code="a">Sys</subfield><subfield code="c">20120601</subfield><subfield code="h">100022</subfield></datafield></record></collection>